<record><leader>00000cas a22000007a 4500</leader><controlfield tag="001">13148582</controlfield><controlfield tag="008">860213d19101916wvudr ne      0    0eng d</controlfield><datafield ind1=" " ind2=" " tag="010"><subfield code="a">sn 86092206 </subfield></datafield><datafield ind1=" " ind2=" " tag="040"><subfield code="a">WVC</subfield><subfield code="b">eng</subfield><subfield code="c">WVC</subfield><subfield code="d">OCL</subfield><subfield code="d">OCLCQ</subfield></datafield><datafield ind1=" " ind2=" " tag="042"><subfield code="a">msc</subfield></datafield><datafield ind1="0" ind2=" " tag="130"><subfield code="a">Daily journal (Moundsville, W. Va.)</subfield></datafield><datafield ind1="1" ind2="4" tag="245"><subfield code="a">The daily journal.</subfield></datafield><datafield ind1=" " ind2=" " tag="260"><subfield code="a">Moundsville, W. Va. :</subfield><subfield code="b">R.J. Smith</subfield></datafield><datafield ind1=" " ind2=" " tag="300"><subfield code="a">v.</subfield></datafield><datafield ind1=" " ind2=" " tag="310"><subfield code="a">Daily</subfield></datafield><datafield ind1="1" ind2=" " tag="362"><subfield code="a">Began in 1910; ceased in 1916?</subfield></datafield><datafield ind1=" " ind2=" " tag="588"><subfield code="a">Description based on: Vol. 1, no. 8 (July 20, 1910).</subfield></datafield><datafield ind1=" " ind2=" " tag="752"><subfield code="a">United States</subfield><subfield code="b">West Virginia</subfield><subfield code="c">Marshall</subfield><subfield code="d">Moundsville.</subfield></datafield><datafield ind1="0" ind2=" " tag="775"><subfield code="t">Moundsville journal (Weekly)</subfield><subfield code="w">(DLC)sn 86092208</subfield></datafield><datafield ind1="0" ind2="0" tag="785"><subfield code="t">Moundsville journal (Daily)</subfield><subfield code="w">(DLC)sn 86092207</subfield></datafield></record>